<?xml version="1.0" encoding="UTF-8"?><record xmlns="http://www.loc.gov/MARC21/slim" xmlns:cinclude="http://apache.org/cocoon/include/1.0" xmlns:zs="http://www.loc.gov/zing/srw/">
  <leader>00431cz  a2200121n  4500</leader>
  <controlfield tag="001">n  88234143 </controlfield>
  <controlfield tag="003">DLC</controlfield>
  <controlfield tag="005">19891017055351.7</controlfield>
  <controlfield tag="008">890727n| acannaab|          |n ana |||  </controlfield>
  <datafield tag="010" ind1=" " ind2=" ">
    <subfield code="a">n  88234143 </subfield>
  </datafield>
  <datafield tag="040" ind1=" " ind2=" ">
    <subfield code="a">DLC</subfield>
    <subfield code="c">DLC</subfield>
  </datafield>
  <datafield tag="110" ind1="2" ind2="0">
    <subfield code="a">Prensa y Ediciones Iberoamericanas</subfield>
  </datafield>
  <datafield tag="670" ind1=" " ind2=" ">
    <subfield code="a">Biblioteca universitaria (Prensa y Ediciones Iberoamericanas). Colomer Viadel, A. Los liberales y el origen ... 1988:</subfield>
    <subfield code="b">t.p. (Prensa y Ediciones Iberoamericanas)</subfield>
  </datafield>
</record>